<?xml version="1.0" encoding="UTF-8"?><collection xmlns="http://www.loc.gov/MARC21/slim"><record><leader>00358nam--2200121-i-4500</leader><controlfield tag="001">000040644</controlfield><controlfield tag="002">20161230</controlfield><controlfield tag="005">20161230201042</controlfield><controlfield tag="008">060222s1000------------r-----000-0-eng-d</controlfield><datafield ind1=" " ind2=" " tag="100"><subfield code="a">Schonland,David S</subfield></datafield><datafield ind1=" " ind2=" " tag="245"><subfield code="a">Molecular symmetry. an intr.to group theory and its uses in chemistry</subfield></datafield><datafield ind1=" " ind2=" " tag="260"><subfield code="a">London, D.Van Nostrand Comp.Ltd, 1965. Xii + 298 P</subfield></datafield><datafield ind1=" " ind2=" " tag="852"><subfield code="a">24050</subfield></datafield></record></collection>